Account Name       :                	Mr. AKHIL  PATHIRIPPILLY
Address            :	WIPRO TECHNOLOGIES
                                    	WIPRO CAMPUS
                                    	INFOPARK KAKKANAD-682030
                                    	Ernakulam
Date               :                	13 Apr 2021
Account Number     :	_00000020135272767
Account Description:	SBCHQ-CSA-PUBIND-CSSILVER-INR
Branch             :	PANJAL
Drawing Power      :	0.00
Interest Rate(% p.a.):	2.7
MOD Balance      :	0.00
CIF No.          :	_86305533070
IFS (Indian Financial System) Code         :	SBIN0008029
MICR (Magnetic Ink Character Recognition)  Code        :	_680002011
Nomination Registered    :	Yes 
Balance on 13 Oct 2020        :	1,583.46
Start Date          :	13 Oct 2020
End Date            :	13 Apr 2021
Txn Date	Value Date	Description	Ref No./Cheque No.	        Debit	Credit	Balance	
26 Oct 2020	26 Oct 2020	   BY TRANSFER-UPI/CR/030009975471/MANA A/HSBC/akhilpathi/UPI--	TRANSFER FROM 4898937162091	 	23,000.00	24,583.46
3 Nov 2020	3 Nov 2020	   WITHDRAWAL TRANSFER---	TRANSFER TO 10536595324                           	8,700.00	 	15,883.46
3 Nov 2020	3 Nov 2020	   WITHDRAWAL TRANSFER---	TRANSFER TO 36966279817                           	15,000.00	 	883.46
1 Dec 2020	1 Dec 2020	   BY TRANSFER-UPI/CR/033685058465/MANA A/HSBC/9745060076/Payment--	TRANSFER FROM 4898955162099	 	24,000.00	24,883.46
3 Dec 2020	3 Dec 2020	   WITHDRAWAL TRANSFER---	TRANSFER TO 10536595324                           	8,700.00	 	16,183.46
3 Dec 2020	3 Dec 2020	   WITHDRAWAL TRANSFER---	TRANSFER TO 36966279817                           	15,000.00	 	1,183.46
25 Dec 2020	25 Dec 2020	   CREDIT INTEREST---		 	36.00	1,219.46
26 Dec 2020	26 Dec 2020	   BY TRANSFER-UPI/CR/036110511032/MANA A/HSBC/9745060076/Payment--	TRANSFER FROM 5099193162090	 	24,000.00	25,219.46
3 Jan 2021	3 Jan 2021	   WITHDRAWAL TRANSFER---	TRANSFER TO 10536595324                           	8,700.00	 	16,519.46
3 Jan 2021	3 Jan 2021	   WITHDRAWAL TRANSFER---	TRANSFER TO 36966279817                           	15,000.00	 	1,519.46
25 Jan 2021	25 Jan 2021	   BY TRANSFER-UPI/CR/102489819121/AKHIL PA/HDFC/9745060076/Payme--	TRANSFER FROM 5098211162090	 	24,000.00	25,519.46
31 Jan 2021	31 Jan 2021	   BY TRANSFER-UPI/CR/103144429240/ANEESH K M/HDFC/9895400255/Pay--	TRANSFER FROM 5099279162094	 	1,219.00	26,738.46
3 Feb 2021	3 Feb 2021	   WITHDRAWAL TRANSFER---	TRANSFER TO 10536595324                           	8,700.00	 	18,038.46
3 Feb 2021	3 Feb 2021	   WITHDRAWAL TRANSFER---	TRANSFER TO 36966279817                           	15,000.00	 	3,038.46
25 Feb 2021	25 Feb 2021	   BY TRANSFER-UPI/CR/105610315119/MANA A/HSBC/akhilpathi/UPI--	TRANSFER FROM 5098488162093	 	21,000.00	24,038.46
3 Mar 2021	3 Mar 2021	   WITHDRAWAL TRANSFER---	TRANSFER TO 10536595324                           	8,700.00	 	15,338.46
3 Mar 2021	3 Mar 2021	   WITHDRAWAL TRANSFER---	TRANSFER TO 36966279817                           	15,000.00	 	338.46
25 Mar 2021	25 Mar 2021	   CREDIT INTEREST---		 	51.00	389.46
30 Mar 2021	30 Mar 2021	   BY TRANSFER-UPI/CR/108922311405/AKHIL PA/HDFC/akhilpathi/UPI--	TRANSFER FROM 5098306162093	 	24,000.00	24,389.46
3 Apr 2021	3 Apr 2021	   WITHDRAWAL TRANSFER---	TRANSFER TO 10536595324                           	8,700.00	 	15,689.46
3 Apr 2021	3 Apr 2021	   WITHDRAWAL TRANSFER---	TRANSFER TO 36966279817                           	15,000.00	 	689.46

**This is a computer generated statement and does not require a signature

